@online{wiki,
url = {https://en.wikipedia.org/wiki/Green_fluorescent_protein},
},

@online{genbank,
url = {https://www.ncbi.nlm.nih.gov/protein/P42212.1},
},

@online{pdb,
url = {https://www.rcsb.org/structure/1EMA},
},

@online{ncbi,
url = {https://www.ncbi.nlm.nih.gov/structure/?term=green%20fluorescent%20protein},
},

@online{blast,
url = {https://blast.ncbi.nlm.nih.gov/Blast.cgi},
},


@online{fpbase,
url = {https://www.fpbase.org/protein/avgfp/},
},